% Encoding: UTF-8

@Article{Simkin1987,
  author  = {Simkin, D and Hastie, R},
  title   = {An Information-Processing Analysis of Graph Perception},
  journal = {Journal of the American Statistical Association},
  year    = {1987},
  volume  = {82},
  number  = {398},
  pages   = {454-465},
}

@Book{Robbins2013,
  title     = {Creating more effective graphs. A succinct and highly readable guide to creating effective graph.},
  publisher = {Chart House},
  year      = {2013},
  author    = {Robbins, Naomi B.},
}

@Comment{jabref-meta: databaseType:bibtex;}
